@inproceedings{zhang2008tale,
  title={A tale of two parsers: investigating and combining graph-based and transition-based dependency parsing using beam-search},
  author={Zhang, Yue and Clark, Stephen},
  booktitle={Proceedings of the Conference on Empirical Methods in Natural Language Processing},
  pages={562--571},
  year={2008},
  organization={Association for Computational Linguistics}
}

@inproceedings{che2010ltp,
  title={Ltp: A chinese language technology platform},
  author={Che, Wanxiang and Li, Zhenghua and Liu, Ting},
  booktitle={Proceedings of the 23rd International Conference on Computational Linguistics: Demonstrations},
  pages={13--16},
  year={2010},
  organization={Association for Computational Linguistics}
}

@inproceedings{duan2007probabilistic,
  title={Probabilistic Parsing Action Models for Multi-Lingual Dependency Parsing.},
  author={Duan, Xiangyu and Zhao, Jun and Xu, Bo},
  booktitle={EMNLP-CoNLL},
  pages={940--946},
  year={2007}
}


@inproceedings{carreras2007experiments,
  title={Experiments with a Higher-Order Projective Dependency Parser.},
  author={Carreras, Xavier},
  booktitle={EMNLP-CoNLL},
  pages={957--961},
  year={2007}
}
@inproceedings{sagae2007dependency,
  title={Dependency Parsing and Domain Adaptation with LR Models and Parser Ensembles.},
  author={Sagae, Kenji and Jun'ichi Tsujii},
  booktitle={EMNLP-CoNLL},
  volume={2007},
  pages={1044--1050},
  year={2007}
}

@article{nivre2007maltparser,
  title={MaltParser: A language-independent system for data-driven dependency parsing},
  author={Nivre, Joakim and Hall, Johan and Nilsson, Jens and Chanev, Atanas and Eryigit, G{\"u}lsen and K{\"u}bler, Sandra and Marinov, Svetoslav and Marsi, Erwin},
  journal={Natural Language Engineering},
  volume={13},
  number={2},
  pages={95--135},
  year={2007},
  publisher={Cambridge Univ Press}
}

@inproceedings{Chiang:2002,
 author = {Chiang, David and Bikel, Daniel M.},
 title = {Recovering Latent Information in Treebanks},
 booktitle = {Proceedings of the 19th International Conference on Computational Linguistics - Volume 1},
 series = {COLING '02},
 year = {2002},
 location = {Taipei, Taiwan},
 pages = {1--7},
 numpages = {7},
 url = {http://dx.doi.org/10.3115/1072228.1072354},
 doi = {10.3115/1072228.1072354},
 acmid = {1072354},
 publisher = {Association for Computational Linguistics},
 address = {Stroudsburg, PA, USA},
} 

@inproceedings{bikel2000two,
  title={Two statistical parsing models applied to the Chinese Treebank},
  author={Bikel, Daniel M and Chiang, David},
  booktitle={Proceedings of the second workshop on Chinese language processing: held in conjunction with the 38th Annual Meeting of the Association for Computational Linguistics-Volume 12},
  pages={1--6},
  year={2000},
  organization={Association for Computational Linguistics}
}

@inproceedings{buchholz2006conll,
  title={CoNLL-X shared task on multilingual dependency parsing},
  author={Buchholz, Sabine and Marsi, Erwin},
  booktitle={Proceedings of the Tenth Conference on Computational Natural Language Learning},
  pages={149--164},
  year={2006},
  organization={Association for Computational Linguistics}
}

@inproceedings{nilsson2007conll,
  title={The CoNLL 2007 shared task on dependency parsing},
  author={Nilsson, Jens and Riedel, Sebastian and Yuret, Deniz},
  booktitle={Proceedings of the CoNLL Shared Task Session of EMNLP-CoNLL},
  pages={915--932},
  year={2007},
  organization={sn}
}

@inproceedings{xia1999extracting,
  title={Extracting tree adjoining grammars from bracketed corpora},
  author={Xia, Fei},
  booktitle={Proceedings of the 5th Natural Language Processing Pacific Rim Symposium (NLPRS-99)},
  pages={398--403},
  year={1999}
}